%YAML 1.1
%TAG !u! tag:unity3d.com,2011:
--- !u!1 &100000
GameObject:
  m_ObjectHideFlags: 0
  m_PrefabParentObject: {fileID: 0}
  m_PrefabInternal: {fileID: 100100000}
  serializedVersion: 4
  m_Component:
  - 4: {fileID: 400000}
  - 33: {fileID: 3300000}
  - 23: {fileID: 2300000}
  - 111: {fileID: 11100000}
  - 65: {fileID: 6500000}
  - 54: {fileID: 5400000}
  m_Layer: 4
  m_Name: Wooden Box
  m_TagString: Untagged
  m_Icon: {fileID: 0}
  m_NavMeshLayer: 0
  m_StaticEditorFlags: 0
  m_IsActive: 1
--- !u!1002 &100001
EditorExtensionImpl:
  serializedVersion: 6
--- !u!4 &400000
Transform:
  m_ObjectHideFlags: 1
  m_PrefabParentObject: {fileID: 0}
  m_PrefabInternal: {fileID: 100100000}
  m_GameObject: {fileID: 100000}
  m_LocalRotation: {x: 1.11022302e-16, y: 0, z: -0, w: 1}
  m_LocalPosition: {x: 373.058136, y: .281998873, z: 14.6553135}
  m_LocalScale: {x: .273419559, y: .273419559, z: .273419559}
  m_Children: []
  m_Father: {fileID: 0}
  m_RootOrder: 0
--- !u!1002 &400001
EditorExtensionImpl:
  serializedVersion: 6
--- !u!23 &2300000
Renderer:
  m_ObjectHideFlags: 1
  m_PrefabParentObject: {fileID: 0}
  m_PrefabInternal: {fileID: 100100000}
  m_GameObject: {fileID: 100000}
  m_Enabled: 1
  m_CastShadows: 1
  m_ReceiveShadows: 1
  m_LightmapIndex: 255
  m_LightmapTilingOffset: {x: 1, y: 1, z: 0, w: 0}
  m_Materials:
  - {fileID: 2100000, guid: 4a234dcd1b6afe94d82ca71177dc8ac4, type: 2}
  m_SubsetIndices: 
  m_StaticBatchRoot: {fileID: 0}
  m_UseLightProbes: 0
  m_LightProbeAnchor: {fileID: 0}
  m_ScaleInLightmap: 1
  m_SortingLayerID: 0
  m_SortingOrder: 0
--- !u!1002 &2300001
EditorExtensionImpl:
  serializedVersion: 6
--- !u!33 &3300000
MeshFilter:
  m_ObjectHideFlags: 1
  m_PrefabParentObject: {fileID: 0}
  m_PrefabInternal: {fileID: 100100000}
  m_GameObject: {fileID: 100000}
  m_Mesh: {fileID: 4300000, guid: a6748add004e27a43838c0f25d81c923, type: 3}
--- !u!1002 &3300001
EditorExtensionImpl:
  serializedVersion: 6
--- !u!54 &5400000
Rigidbody:
  m_ObjectHideFlags: 1
  m_PrefabParentObject: {fileID: 0}
  m_PrefabInternal: {fileID: 100100000}
  m_GameObject: {fileID: 100000}
  serializedVersion: 2
  m_Mass: 25
  m_Drag: 0
  m_AngularDrag: .0500000007
  m_UseGravity: 1
  m_IsKinematic: 0
  m_Interpolate: 0
  m_Constraints: 0
  m_CollisionDetection: 0
--- !u!1002 &5400001
EditorExtensionImpl:
  serializedVersion: 6
--- !u!65 &6500000
BoxCollider:
  m_ObjectHideFlags: 1
  m_PrefabParentObject: {fileID: 0}
  m_PrefabInternal: {fileID: 100100000}
  m_GameObject: {fileID: 100000}
  m_Material: {fileID: 0}
  m_IsTrigger: 0
  m_Enabled: 1
  serializedVersion: 2
  m_Size: {x: 2, y: 2, z: 2}
  m_Center: {x: 0, y: 0, z: 0}
--- !u!1002 &6500001
EditorExtensionImpl:
  serializedVersion: 6
--- !u!111 &11100000
Animation:
  m_ObjectHideFlags: 1
  m_PrefabParentObject: {fileID: 0}
  m_PrefabInternal: {fileID: 100100000}
  m_GameObject: {fileID: 100000}
  m_Enabled: 1
  serializedVersion: 3
  m_Animation: {fileID: 0}
  m_Animations: []
  m_WrapMode: 0
  m_PlayAutomatically: 1
  m_AnimatePhysics: 0
  m_CullingType: 0
--- !u!1002 &11100001
EditorExtensionImpl:
  serializedVersion: 6
--- !u!1001 &100100000
Prefab:
  m_ObjectHideFlags: 1
  serializedVersion: 2
  m_Modification:
    m_TransformParent: {fileID: 0}
    m_Modifications: []
    m_RemovedComponents: []
  m_ParentPrefab: {fileID: 0}
  m_RootGameObject: {fileID: 100000}
  m_IsPrefabParent: 1
  m_IsExploded: 1
--- !u!1002 &100100001
EditorExtensionImpl:
  serializedVersion: 6
